\bibitem{c1} {沃兹基. 论文写作说明书[N]. 华东师范大学到处报, 2023-10-13(012).}

