@phdthesis{丁丁2019,
  author       = {丁丁},
  title        = {战术数据链系统的仿真应用},
  school       = {北京邮电大学},
  address      = {北京},
  year         = {2019},
  type         = {硕士学位论文},
  language     = {zh},
  keywords     = {战术数据链, 仿真, 数据库},
  citedate     = {2024-09-22},
  note         = {硕士学位论文（中文）}
}


@phdthesis{马建强2020,
  author       = {马建强},
  title        = {基于Link 16的数据链仿真系统开发与研究},
  school       = {北京邮电大学},
  address      = {北京},
  year         = {2020},
  type         = {硕士学位论文},
  language     = {zh},
  keywords     = {Link 16, 仿真, 系统实现},
  citedate     = {2024-09-22},
  note         = {硕士学位论文（中文）}
}


@article{程方昊2025,
  author       = {程方昊},
  title        = {一种Link16数据链的信号识别及检测方法},
  journal      = {电子信息技术学报},
  year         = {2025},
  language     = {zh},
  keywords     = {Link 16, 信号识别, 检测},
  note         = {中文期刊文章}
}


@article{陈利玲2025,
  author       = {陈利玲},
  title        = {天基Link16数据链及其影响分析},
  journal      = {现代雷达},
  year         = {2025},
  language     = {zh},
  keywords     = {Link 16, 天基, 超视距},
  note         = {中文期刊文章}
}


@article{潘政昂2024,
  author       = {潘政昂},
  title        = {Link 16数据链态势信息处理方法研究},
  journal      = {火力与指挥控制},
  year         = {2024},
  language     = {zh},
  keywords     = {Link 16, 态势感知, 信息处理},
  note         = {中文期刊文章}
}


@article{云超2025,
  author       = {云超},
  title        = {美航母编队数据链多链融合关键技术及装备应用研究},
  journal      = {火力与指挥控制},
  year         = {2025},
  language     = {zh},
  keywords     = {多链融合, 互操作, 舰队},
  note         = {中文期刊文章}
}


@techreport{CJCSI_6610_01F_2021,
  author      = {{Chairman of the Joint Chiefs of Staff}},
  title       = {CJCSI 6610.01F: Tactical Data Link Standardization and Interoperability},
  institution = {Joint Staff},
  address     = {Washington, DC},
  year        = {2021-01-08},
  type        = {Instruction},
  url         = {https://www.jcs.mil/Portals/36/Documents/Library/Instructions/CJCSI%206610.01F.pdf}
}


@techreport{CJCSM_6235_01_2025,
  author      = {{Chairman of the Joint Chiefs of Staff}},
  title       = {CJCSM 6235.01: Link 16 Spectrum Operations for Test and Evaluation},
  institution = {Joint Staff},
  address     = {Washington, DC},
  year        = {2025-04-21},
  type        = {Manual},
  url         = {https://www.jcs.mil/Portals/36/Documents/Library/Manuals/CJCSM%206235.01.pdf}
}


@techreport{AFMAN_13_116_Vol1_2020,
  author      = {{Department of the Air Force}},
  title       = {AFMAN 13-116, Vol 1: Joint Air Operations Center Command and Control},
  institution = {USAF},
  year        = {2020},
  type        = {Manual},
  address     = {Washington, DC, USA},
  citedate    = {2024-09-22},
  url         = {https://static.e-publishing.af.mil/production/1/af_a3/publication/afman13-116v1/afman13-116v1.pdf}
}


@techreport{MIL_STD_6016_Active_2024,
  author      = {{U.S. Department of Defense}},
  title       = {MIL-STD-6016: Tactical Data Link 16 Message Standard},
  institution = {DoD},
  year        = {2024},
  type        = {Military Standard},
  address     = {Washington, DC, USA},
  citedate    = {2024-09-22},
  note        = {Active; details via ASSIST QuickSearch},
  url         = {https://quicksearch.dla.mil/qsDocDetails.aspx?ident_number=123964}
}


@techreport{MIL_STD_3011_2022,
  author      = {{U.S. Department of Defense}},
  title       = {MIL-STD-3011: Joint Range Extension Applications Protocol (JREAP)},
  institution = {DoD},
  year        = {2022},
  type        = {Military Standard},
  address     = {Washington, DC, USA},
  citedate    = {2024-09-22},
  url         = {https://publishers.standardstech.com/content/military-dod-mil-std-3011}
}


@techreport{MIL_STD_6020_2017,
  author      = {{U.S. Department of Defense}},
  title       = {MIL-STD-6020E: Data Forwarding Between Tactical Data Links},
  institution = {DoD},
  year        = {2017},
  type        = {Military Standard},
  address     = {Washington, DC, USA},
  citedate    = {2024-09-22},
  url         = {https://standards.globalspec.com/std/14461343/mil-std-6020e-cont-dist}
}


@techreport{SISO_STD_002_2006,
  author      = {{Simulation Interoperability Standards Organization}},
  title       = {SISO-STD-002-2006: Standards for Link 16 Simulation},
  institution = {SISO},
  year        = {2006},
  type        = {Standard},
  address     = {Orlando, FL, USA},
  citedate    = {2024-09-22},
  url         = {https://ur.booksc.eu/dl/16604766/3e1e5f}
}


@techreport{CJCSI_6610_01F_archive_2014,
  author      = {{Chairman of the Joint Chiefs of Staff}},
  title       = {CJCSI 6610.01E/F: Tactical Data Link Standardization and Interoperability (archival)},
  institution = {Joint Staff},
  year        = {2014},
  type        = {Instruction},
  address     = {Washington, DC, USA},
  citedate    = {2024-09-22},
  url         = {https://archive.org/details/Tactical-Data-Link-Standardization-and-Interoperability-10-Apr-2014}
}


@techreport{NDIA_PMW101_2024,
  author       = {{Program Executive Office C4I (PMW-101)}},
  title        = {MIDS Program Brief (NDIA Fall Forum 2024)},
  institution  = {NDIA},
  type         = {Conference Brief},
  year         = {2024},
  address      = {San Diego, CA, USA},
  citedate     = {2024-09-22},
  url          = {https://www.ndia-sd.org/wp-content/uploads/Briefs/Forum2024/Wednesday/10NDIAFallForum_PMW101_2024.pdf}
}


@techreport{NDIA_PMW101_2022,
  author       = {{Program Executive Office C4I (PMW-101)}},
  title        = {MIDS Program Brief (NDIA 2022)},
  institution  = {NDIA},
  type         = {Conference Brief},
  year         = {2022},
  address      = {San Diego, CA, USA},
  citedate     = {2024-09-22},
  url          = {https://www.ndia-sd.org/wp-content/uploads/2022/10/2022FallForum_-_PMW101_V2.pdf}
}


@techreport{NAVAIR_MIDS_Overview,
  author       = {{Naval Air Systems Command}},
  title        = {MIDS Product Overview},
  howpublished = {Program Page},
  year         = {2025},
  citedate     = {2024-09-22},
  url          = {https://www.navair.navy.mil/product/MIDS}
}


@techreport{DOTE_2022_MIDS_LVT,
  author      = {{Director, Operational Test \& Evaluation}},
  title       = {FY2022 Annual Report: MIDS-LVT / Link 16},
  institution = {DoD DOT\&E},
  year        = {2022},
  address     = {Washington, DC, USA},
  citedate    = {2024-09-22},
  url         = {https://www.dote.osd.mil/Portals/97/pub/reports/FY2022/dote-fy2022-mids.pdf}
}


@manual{L3Harris_MIDS_JTRS_2021,
  author       = {{L3Harris Technologies}},
  title        = {MIDS JTRS Terminal Overview (Sell Sheet)},
  organization = {L3Harris},
  year         = {2021},
  citedate     = {2024-09-22},
  url          = {https://dms.l3harris.com/documents/1054700/1412559/AN-USQ-140_7613-Sell-Sheet.pdf}
}


@manual{L3Harris_MIDS_LVT_2025,
  author       = {{L3Harris Technologies}},
  title        = {MIDS-LVT(1) Terminal},
  organization = {L3Harris},
  year         = {2025},
  url          = {https://www.l3harris.com/all-capabilities/mids-lvt1}
}


@manual{DLS_MIDS_JTRS_2021,
  author       = {{Data Link Solutions (DLS)}},
  title        = {MIDS JTRS Terminal Datasheet},
  organization = {DLS},
  year         = {2021},
  url          = {https://datalinksolutions.net/datasheets/DLS_MIDS_JTRS_Terminal.pdf}
}


@manual{DLS_TTR_2016,
  author       = {{Data Link Solutions (DLS)}},
  title        = {TacNet Tactical Radio (TTR) Datasheet},
  organization = {DLS},
  year         = {2016},
  url          = {https://www.rockwellcollins.com/~/media/Files/Unsecure/Products/Product%20Brochures/Communcation%20and%20Networks/Data%20Links/TacNet/TacNet%20Tactical%20Radio%20Data%20Sheet.pdf}
}


@manual{Collins_TTR_2021,
  author       = {{Collins Aerospace}},
  title        = {TacNet Tactical Radio Data Sheet},
  organization = {Collins Aerospace},
  year         = {2021},
  url          = {https://www.collinsaerospace.com/-/media/CA/product-assets/marketing/t/tacnet/tacnet-tactical-radio-data-sheet.pdf}
}


@manual{L3Harris_STT_KOR24A_2020,
  author       = {{L3Harris Technologies}},
  title        = {KOR-24A Small Tactical Terminal (STT) Datasheet},
  organization = {L3Harris},
  year         = {2020},
  url          = {https://www.l3harris.com/sites/default/files/2020-07/cs_tc_datasheet_stt_data_sheet.pdf}
}


@techreport{L3Harris_STT_KOR24A_Page_2025,
  author       = {{L3Harris Technologies}},
  title        = {Small Tactical Terminal (STT) KOR-24A Product Page},
  howpublished = {Web Page},
  year         = {2025},
  url          = {https://www.l3harris.com/all-capabilities/small-tactical-terminal-stt-kor-24a}
}


@manual{Viasat_MOJO_Next_2025,
  author       = {Viasat, Inc.},
  title        = {MOJO Next Tactical Gateway Datasheet},
  organization = {Viasat},
  year         = {2025},
  url          = {https://www.viasat.com/wp-content/uploads/2024/10/mojo-next-datasheet.pdf}
}


@manual{Ultra_ADSI_2023,
  author       = {{Ultra Intelligence \& Communications}},
  title        = {Air Defense Systems Integrator (ADSI) Datasheet},
  organization = {Ultra I\&C},
  year         = {2023},
  url          = {https://www.ultra-ic.com/media/ceadli11/adsi-datasheet-0723.pdf}
}


@manual{Ultra_MDLMS_2021,
  author       = {{Ultra Intelligence \& Communications}},
  title        = {MDLMS: Multi-Data Link Management System Datasheet},
  organization = {Ultra I\&C},
  year         = {2021},
  url          = {https://www.ultra.group/media/2332/mdlms-datasheet-0621.pdf}
}


@manual{CurtissWright_TCG_BOSS_2025,
  author       = {{Curtiss-Wright Defense Solutions}},
  title        = {TCG BOSS: Battlefield Operations Support System},
  organization = {Curtiss-Wright},
  year         = {2025},
  url          = {https://www.curtisswrightds.com/products/networking-communications/mcts/tdl-test-training/tcg-boss}
}


@manual{CurtissWright_TCG_LinkPRO_2025,
  author       = {{Curtiss-Wright Defense Solutions}},
  title        = {TCG LinkPRO Tactical Data Link Processing Software},
  organization = {Curtiss-Wright},
  year         = {2025},
  url          = {https://www.curtisswrightds.com/resources/tcg-linkpro-tactical-data-link-processing-software-data-sheet}
}


@manual{CurtissWright_TCG_HUNTR_2020,
  author       = {{Curtiss-Wright Defense Solutions}},
  title        = {TCG HUNTR: TDL Hub and Network Translator Demonstration (Timber Express 2020)},
  organization = {Curtiss-Wright},
  year         = {2020},
  url          = {https://www.defenseadvancement.com/news/tactical-data-link-hub-and-network-translator-demonstrated-by-curtiss-wright/}
}


@manual{Chelton_Link16_Antennas_2022,
  author       = {Chelton Limited},
  title        = {Link 16 Antenna and System Solutions},
  organization = {Chelton},
  year         = {2022},
  url          = {https://www.chelton.com/our-capabilities/antennas/}
}


@techreport{BAE_Link16_Terminals_2025,
  author       = {{BAE Systems}},
  title        = {Link 16 Terminals (DLS Joint Venture)},
  year         = {2025},
  howpublished = {Product Page},
  url          = {https://www.baesystems.com/en/product/link-16-terminals}
}


@techreport{SDA_testing_OK_2023,
  author       = {{Space Development Agency}},
  title        = {SDA gets OK to begin limited testing of data satellites Link 16 nodes},
  year         = {2023},
  howpublished = {News Post},
  citedate     = {2024-09-22},
  url          = {https://www.sda.mil/sda-gets-ok-to-begin-limited-testing-of-data-satellites-link-16-nodes/}
}


@techreport{AviationWeek_SDA_LEO_2024,
  author       = {{Aviation Week \& Space Technology}},
  title        = {SDA Launches First Operational Satellites to LEO, With Link 16},
  year         = {2024},
  howpublished = {News Article},
  citedate     = {2024-09-22},
  url          = {https://aviationweek.com/defense-space/space/sda-launches-first-operational-satellites-leo}
}


@techreport{Redwire_SDA_Ship_Demo_2024,
  author       = {{Redwire Space}},
  title        = {SDA Completes Space-to-Ship Link 16 Demonstration},
  year         = {2024},
  howpublished = {Press Release},
  url          = {https://redwirespace.com/newsroom/sda-completes-another-major-link-16-testing-milestone-with-successful-space-to-ship-demonstration/}
}


@manual{MITRE_Link16_Interoperability_2024,
  author       = {MITRE Corporation},
  title        = {Link 16 Interoperability: Applying MIL-STD-6016, MIL-STD-3011, MIL-STD-6020},
  year         = {2024},
  organization = {MITRE},
  url          = {https://www.mitre.org/sites/default/files/2024-02/PR-23-3168-Link-16-Interoperability.pdf}
}


@techreport{AFCEA_Link16_Improvements_2022,
  author       = {AFCEA SIGNAL},
  title        = {Link 16 Improvements Aid Tomorrow’s Warfighter},
  year         = {2022},
  howpublished = {Article},
  url          = {https://www.afcea.org/signal-media/defense/link-16-improvements-aid-tomorrows-warfighter}
}


@techreport{EverythingRF_Link16_Band,
  author       = {everything RF},
  title        = {What Frequency Band Does Link 16 Operate In?},
  year         = {2024},
  howpublished = {Technical Note},
  url          = {https://www.everythingrf.com/community/what-frequency-band-does-link-16-operate-in}
}


@techreport{JAPCC_F35_TDLs_2024,
  author       = {{Joint Air Power Competence Centre (JAPCC)}},
  title        = {Enabling Technological Innovation for Alliance Airpower Advantage (F-35, TDLs)},
  year         = {2024},
  howpublished = {Article},
  url          = {https://www.japcc.org/articles/enabling-technological-innovation-for-alliance-airpower-advantage/}
}


@techreport{JAPCC_Hosted_Payloads_2015,
  author       = {{Joint Air Power Competence Centre (JAPCC)}},
  title        = {NATO Air and Space Power in Countering Hybrid Threats (\textit{Hosted Satellite Payloads})},
  year         = {2015},
  howpublished = {Report},
  url          = {https://www.japcc.org/wp-content/uploads/JAPCC_Newsletter_22_Hosted_Satellite_Payloads.pdf}
}


@phdthesis{Koromilas_2009,
  author       = {Ioannis Koromilas},
  title        = {Performance Analysis of the Link-16/JTIDS Waveform with Concatenated Coding},
  school       = {Naval Postgraduate School},
  address      = {Monterey, CA},
  year         = {2009},
  citedate     = {2024-09-22},
  url          = {https://calhoun.nps.edu/server/api/core/bitstreams/1e801d41-a0d5-4752-81ae-76170959a6e4/content}
}


@phdthesis{Lekkakos_2008,
  author       = {Dimitrios Lekkakos},
  title        = {Performance Analysis of a Link-16/JTIDS Compatible Waveform Transmitted Over a Channel with Pulse-Noise Interference},
  school       = {Naval Postgraduate School},
  address      = {Monterey, CA},
  year         = {2008},
  citedate     = {2024-09-22},
  url          = {https://calhoun.nps.edu/bitstream/10945/3889/1/08Sep_Lekkakos.pdf}
}


@phdthesis{Ho_2008,
  author       = {Ho Kah Wei},
  title        = {Performance Analysis of an Alternative Link-16/JTIDS Waveform Transmitted Over a Channel with Pulse-Noise Interference},
  school       = {Naval Postgraduate School},
  address      = {Monterey, CA},
  year         = {2008},
  citedate     = {2024-09-22},
  url          = {https://calhoun.nps.edu/handle/10945/3840}
}


@phdthesis{Kao_2008,
  author       = {Chi-Han Kao},
  title        = {Performance Analysis of a JTIDS/Link-16-type Waveform Transmitted Over Slow, Flat Nakagami Fading Channels in the Presence of Narrowband Interference},
  school       = {Naval Postgraduate School},
  address      = {Monterey, CA},
  year         = {2008},
  url          = {https://apps.dtic.mil/docs/citations/ADA494084}
}


@phdthesis{Kagioglidis_2009,
  author       = {Ioannis Kagioglidis},
  title        = {Performance Analysis of a Link-16/JTIDS Compatible Waveform With Noncoherent Detection, Diversity and Side Information},
  school       = {Naval Postgraduate School},
  address      = {Monterey, CA},
  year         = {2009},
  url          = {https://ntrl.ntis.gov/NTRL/dashboard/searchResults/titleDetail/ADA509063.xhtml}
}


@phdthesis{Kee_2008,
  author       = {Cheng Hoe Kee},
  title        = {Performance Analysis of Alternative Link-16/JTIDS Compatible Waveforms with Complex 64-Bi-Orthogonal-Keyed Modulation},
  school       = {Naval Postgraduate School},
  address      = {Monterey, CA},
  year         = {2008},
  url          = {https://calhoun.nps.edu/handle/10945/4083}
}


@phdthesis{Spyridis_2010,
  author       = {Ioannis Spyridis},
  title        = {Hybrid Hard and Soft Decision Reed–Solomon Decoding for M-ary Frequency Shift Keying Systems},
  school       = {Naval Postgraduate School},
  address      = {Monterey, CA},
  year         = {2010},
  url          = {https://calhoun.nps.edu/handle/10945/5103}
}


@phdthesis{Juarez_2025,
  author       = {Raymundo Juarez},
  title        = {A J Fires Kill Chain Analysis of Joint Target Identification},
  school       = {Naval Postgraduate School},
  address      = {Monterey, CA},
  year         = {2025},
  url          = {https://calhoun.nps.edu/handle/10945/76115}
}


@inproceedings{Kao_Robertson_MILCOM_2008,
  author    = {Chi-Han Kao and R. Clark Robertson},
  title     = {Performance Analysis of a JTIDS/Link-16-type Waveform Transmitted over Nakagami Fading Channels with Pulsed-Noise Interference},
  booktitle = {IEEE Military Communications Conference (MILCOM)},
  year      = {2008},
  url       = {https://apps.dtic.mil/sti/pdfs/ADA494084.pdf}
}


@article{Kopp_Throughput_Enhanced_JTIDS_2006,
  author    = {Carlo Kopp},
  title     = {Throughput Enhanced JTIDS for Battlefield Networking},
  journal   = {Lecture Notes in Computer Science / Springer},
  year      = {2006},
  url       = {https://link.springer.com/chapter/10.1007/11909033_10}
}


@techreport{DLS_TTR_webpage,
  author       = {{Data Link Solutions (DLS)}},
  title        = {TacNet Tactical Radio (TTR)},
  year         = {2024},
  howpublished = {Product Page},
  url          = {https://datalinksolutions.net/products/tacnet-radio.php}
}


@techreport{Collins_TTR_webpage,
  author       = {{Collins Aerospace}},
  title        = {TacNet Tactical Radio (Product Page)},
  year         = {2024},
  url          = {https://www.collinsaerospace.com/ar/what-we-do/industries/military-and-defense/communications/tactical-data-links/tacnet-tactical-radio}
}


@techreport{Viasat_STT_press_2020,
  author       = {Viasat, Inc.},
  title        = {Viasat's Small Tactical Terminal Achieves NSA Link 16 Accreditation},
  year         = {2020},
  howpublished = {Press Release},
  url          = {https://investors.viasat.com/news-releases/news-release-details/viasats-small-tactical-terminal-achieves-national-security}
}


@techreport{EverythingRF_STT,
  author       = {everything RF},
  title        = {STT - Viasat Small Tactical Terminal},
  year         = {2023},
  howpublished = {Product Listing},
  url          = {https://www.everythingrf.com/products/data-links/viasat/946-1624-stt}
}


@techreport{Collins_TTNT_immersion_2020,
  author       = {{Collins Aerospace}},
  title        = {Datalinks Immersion Brief (TTNT-1000)},
  year         = {2020},
  howpublished = {Briefing Slides},
  url          = {https://www.ncsi.com/wp-content/uploads/2020/08/Collins-Aerospace-Data-Links-.pdf}
}


@techreport{Euromids_2025_contract,
  author       = {EUROMIDS},
  title        = {Euromids Awarded Multi-year MIDS Contract},
  year         = {2025},
  howpublished = {News},
  url          = {https://defense-advancement.com/news/euromids-consortium-awarded-contract-for-mids-terminals/}
}


@techreport{GovConWire_Euromids_2025,
  author       = {GovConWire},
  title        = {Euromids Secures MIDS Contract to Support NATO Link 16},
  year         = {2025},
  howpublished = {News},
  url          = {https://www.govconwire.com/2025/03/euromids-wins-contract-to-supply-mids-terminals/}
}


@techreport{DefenseAdvancement_Ship_UAS_2025,
  author       = {Defense Advancement},
  title        = {Data Link Enables UAS to Exchange Link 16 with Navy Ships},
  year         = {2025},
  howpublished = {News},
  url          = {https://www.defenseadvancement.com/news/data-link-enables-uas-to-exchange-link-16-information-with-us-navy-ships-from-over-100-nautical-miles-away/}
}


@techreport{FFI_SDA_Link16_Space_2023,
  author       = {{Forsvarets Forskningsinstitutt (FFI)}},
  title        = {SDA begins limited testing of space-based Link 16},
  year         = {2023},
  howpublished = {News},
  url          = {https://www.ffi.no/en/news/SDA-gets-approval-to-test-space-based-link-16}
}


@techreport{JCS_Directives_Library,
  author       = {{Joint Chiefs of Staff}},
  title        = {CJCS \& Joint Staff Directives Library},
  year         = {2025},
  howpublished = {Official Library Page},
  url          = {https://www.jcs.mil/Library/}
}


@techreport{CJCS_Manuals_Library,
  author       = {{Joint Chiefs of Staff}},
  title        = {CJCS Manuals},
  year         = {2025},
  howpublished = {Official Library Page},
  url          = {https://www.jcs.mil/Library/CJCS-Manuals/}
}


@techreport{CJCS_Instructions_Library,
  author       = {{Joint Chiefs of Staff}},
  title        = {CJCS Instructions},
  year         = {2025},
  howpublished = {Official Library Page},
  url          = {https://www.jcs.mil/Library/CJCS-Instructions/}
}


@techreport{ASSIST_6016_2024,
  author       = {{Defense Logistics Agency}},
  title        = {ASSIST QuickSearch: MIL-STD-6016 Document Details},
  year         = {2024},
  howpublished = {Catalog Entry},
  url          = {https://quicksearch.dla.mil/qsDocDetails.aspx?ident_number=123964}
}


@techreport{ASSIST_3011_2023,
  author       = {{Defense Logistics Agency}},
  title        = {ASSIST QuickSearch: MIL-STD-3011 Document Details},
  year         = {2023},
  howpublished = {Catalog Entry},
  url          = {https://quicksearch.dla.mil/qsDocDetails.aspx?ident_number=212468}
}


@techreport{ASSIST_6020_2025,
  author       = {{Defense Logistics Agency}},
  title        = {ASSIST QuickSearch: MIL-STD-6020 Document Details},
  year         = {2025},
  howpublished = {Catalog Entry},
  url          = {https://quicksearch.dla.mil/qsDocDetails.aspx?ident_number=215906}
}


@techreport{Ultra_ADSI_2024_update,
  author       = {{Ultra Intelligence \& Communications}},
  title        = {ADSI Datasheet (CJADC2-modernized update)},
  year         = {2024},
  howpublished = {Datasheet},
  url          = {https://www.ultra-ic.com/media/k2zfb5bf/adsi-datasheet.pdf}
}


@techreport{CurtissWright_LinkPRO_page,
  author       = {{Curtiss-Wright Defense Solutions}},
  title        = {TCG LinkPRO Product Page},
  year         = {2025},
  url          = {https://www.curtisswrightds.com/products/networking-communications/tdl-processing/mission-software/linkpro}
}


@techreport{SAIC_JRE_Overview_2021,
  author       = {{Science Applications International Corporation}},
  title        = {JOINT RANGE EXTENSION (JRE) Overview},
  year         = {2021},
  howpublished = {Product Brief},
  url          = {https://www.saic.com/sites/default/files/2021-05/21-0554-JRE_Overview_F.pdf}
}




% --- Added 15 verified English journal articles (batch 1) ---
@article{doherty1988_jn,
  author  = {Doherty, P. A. and Sheppard, C. P. and Wray, G. L.},
  title   = {Operational Aspects of {JTIDS} Relative Navigation},
  journal = {The Journal of Navigation},
  year    = {1988},
  volume  = {41},
  number  = {1},
  pages   = {72--89},
  doi     = {10.1017/S0373463300009061},
  url     = {https://www.cambridge.org/core/journals/journal-of-navigation/article/abs/operational-aspects-of-jtids-relative-navigation/D5DE98FBCCEBE730E341CE6A0A4DBB1B}
}

@article{ranger1996_jn,
  author  = {Ranger, J. F. O.},
  title   = {Principles of {JTIDS} Relative Navigation},
  journal = {The Journal of Navigation},
  year    = {1996},
  volume  = {49},
  number  = {1},
  pages   = {22--35},
  doi     = {10.1017/S0373463300013060},
  url     = {https://www.cambridge.org/core/journals/journal-of-navigation/article/abs/principles-of-jtids-relative-navigation/57BBD35C844177E2EE1068AEFDEB071F}
}

@article{houdzoumis2009_jn,
  author  = {Houdzoumis, Vassilios A.},
  title   = {A Simplified Method for the Analysis of Interference from {JTIDS} Radio Networks to {DME} Aeronautical Radionavigation Systems},
  journal = {The Journal of Navigation},
  year    = {2009},
  volume  = {62},
  number  = {4},
  pages   = {721--737},
  doi     = {10.1017/S037346330999004X},
  url     = {https://www.cambridge.org/core/journals/journal-of-navigation/article/abs/simplified-method-for-the-analysis-of-interference-from-jtids-radio-networks-to-dme-aeronautical-radionavigation-systems/D2A8D501D361F4D8AF1918370A6C721F}
}

@article{qin2013_gpssol,
  author  = {Qin, Honglei and Cong, Li and Zheng, Xiaodong and Liu, Haibo},
  title   = {A {JTIDS}/{INS}/{DGPS} Navigation System with Pseudorange Differential Information Transmitted over {Link}-16: Design and Implementation},
  journal = {GPS Solutions},
  year    = {2013},
  volume  = {17},
  number  = {3},
  pages   = {391--402},
  doi     = {10.1007/s10291-012-0287-3},
  url     = {https://link.springer.com/article/10.1007/s10291-012-0287-3}
}

@article{garciapena2021_navigation,
  author  = {Garc{\'\i}a-Pe{\~n}a, Axel and Julien, Olivier and Macabiau, Christophe and Mabilleau, Mikael and Durel, Pierre},
  title   = {{GNSS} {C/N}\textsubscript{0} Degradation Model in Presence of Continuous Wave and Pulsed Interference},
  journal = {NAVIGATION: Journal of the Institute of Navigation},
  year    = {2021},
  volume  = {68},
  number  = {1},
  pages   = {75--91},
  doi     = {10.1002/navi.405},
  url     = {https://navi.ion.org/content/68/1/75}
}

@article{fried_loeliger1979_navigation,
  author  = {Fried, Walter R. and Loeliger, R.},
  title   = {Principles, System Configuration and Algorithm Design of the Inertially Aided {JTIDS} Relative Navigation Function},
  journal = {NAVIGATION: Journal of the Institute of Navigation},
  year    = {1979},
  volume  = {26},
  number  = {3},
  pages   = {224--236},
  url     = {https://www.ion.org/publications/abstract.cfm?articleID=100648}
}

@article{fried1978_taes,
  author  = {Fried, Walter R.},
  title   = {Principles and Simulation of {JTIDS} Relative Navigation},
  journal = {IEEE Transactions on Aerospace and Electronic Systems},
  year    = {1978},
  volume  = {AES-14},
  number  = {1},
  pages   = {76--84}
}

@article{baruffa2013_jsps,
  author  = {Baruffa, G. and Bisaglia, P. and Frescura, F. and Michelini, A. and Mucchi, L. and Zanaj, E.},
  title   = {A Novel Mitigation Scheme for {JTIDS} Impulsive Interference on {LDACS}-1},
  journal = {Journal of Signal Processing Systems},
  year    = {2013},
  volume  = {74},
  pages   = {149--163},
  doi     = {10.1007/s11265-013-0810-0},
  url     = {https://link.springer.com/article/10.1007/s11265-013-0810-0}
}

@article{lee2018_jsyst,
  author  = {Lee, Kyuman and Baek, Hoki and Lim, Jaesung},
  title   = {Relay-Based Positioning in {TDMA} Networks},
  journal = {IEEE Systems Journal},
  year    = {2018},
  volume  = {12},
  number  = {4},
  pages   = {3849--3852},
  url     = {https://researchr.org/publication/LeeBL18-0}
}

@article{baek2016_jsac,
  author  = {Baek, Hoki and Lim, Jaesung},
  title   = {Spectrum Sharing for Coexistence of Fixed Satellite Services and Frequency Hopping Tactical Data Link},
  journal = {IEEE Journal on Selected Areas in Communications},
  year    = {2016},
  volume  = {34},
  number  = {10},
  pages   = {2642--2649},
  doi     = {10.1109/JSAC.2016.2605979},
  url     = {https://doi.org/10.1109/JSAC.2016.2605979}
}

@article{baek2018_commag,
  author  = {Baek, Hoki and Lim, Jaesung},
  title   = {Design of Future {UAV}-Relay Tactical Data Link for Reliable {UAV} Control and Situational Awareness},
  journal = {IEEE Communications Magazine},
  year    = {2018},
  volume  = {56},
  number  = {10},
  pages   = {144--150},
  doi     = {10.1109/MCOM.2018.1700259},
  url     = {https://doi.org/10.1109/MCOM.2018.1700259}
}

@article{jiang2019_sensors,
  author  = {Jiang, Guoqiao and Fan, Yong},
  title   = {A Method for Analyzing the Impact of Intra-System and Inter-System Interference on {DME} Based on Queueing Theory},
  journal = {Sensors},
  year    = {2019},
  volume  = {19},
  number  = {2},
  pages   = {348},
  doi     = {10.3390/s19020348},
  url     = {https://www.mdpi.com/1424-8220/19/2/348}
}

@article{fried1984_navigation,
  author  = {Fried, Walter R.},
  title   = {Operational Benefits and Design Approaches for Combining {JTIDS} and {GPS} Navigation},
  journal = {NAVIGATION: Journal of the Institute of Navigation},
  year    = {1984},
  volume  = {31},
  number  = {2},
  pages   = {112--128},
  url     = {https://www.ion.org/publications/abstract.cfm?articleID=100448}
}

@article{baek2019_jsyst_timemirror,
  author  = {Baek, Hoki and Lim, Jaesung},
  title   = {Time Mirroring Based {CSMA/CA} for Improving Performance of {UAV}-Relay Network System},
  journal = {IEEE Systems Journal},
  year    = {2019},
  volume  = {13},
  number  = {4},
  pages   = {4478--4481},
  url     = {https://scholar.google.com/scholar?cluster=12725745907688788768}
}

@article{baek2016_adhoc,
  author  = {Baek, Hoki and Lim, Jaesung and Oh, Sangyoon},
  title   = {Performance Analysis of Block {ACK}-Based Slotted {ALOHA} for Wireless Networks with Long Propagation Delay},
  journal = {Ad Hoc Networks},
  year    = {2016},
  volume  = {42},
  pages   = {34--46},
  url     = {https://scholar.google.com/scholar?cluster=10215597306833496406}
}
@article{wray_sheppard_1986_jtids_nav,
  author  = {Wray, J. and Sheppard, D.},
  title   = {Navigation Aspects of {JTIDS} ({Link} 16)},
  journal = {Journal of Navigation},
  year    = {1986},
  volume  = {39},
  number  = {2},
  pages   = {153--168},
  doi     = {10.1017/S0373463300000047},
  language= {en}
}

@article{hegarty_1997_nav_interference,
  author  = {Hegarty, Christopher J.},
  title   = {Analytical Derivation of Maximum Tolerable In-band Interference Levels for Aviation Applications of {GNSS}},
  journal = {NAVIGATION},
  year    = {1997},
  volume  = {44},
  number  = {1},
  pages   = {25--34},
  doi     = {10.1002/j.2161-4296.1997.tb01936.x},
  language= {en}
}

@article{schnaufer_mcgraw_1997_waas,
  author  = {Schnaufer, Bernard A. and McGraw, Gary A.},
  title   = {WAAS Receiver Carrier Tracking Loop and Data Demodulation Performance in the Presence of Wideband Interference},
  journal = {NAVIGATION},
  year    = {1997},
  volume  = {44},
  number  = {1},
  pages   = {35--42},
  doi     = {10.1002/j.2161-4296.1997.tb01937.x},
  language= {en}
}

@article{musumeci_2016_nav_notch_wavelet,
  author  = {Musumeci, Luciano and Curran, James T. and Dovis, Fabio},
  title   = {A Comparative Analysis of Adaptive Notch Filtering and Wavelet Mitigation against Jammers Interference},
  journal = {NAVIGATION},
  year    = {2016},
  volume  = {63},
  number  = {4},
  pages   = {533--550},
  doi     = {10.1002/navi.167},
  language= {en}
}

@article{musumeci_2014_ietrsn_pulseblank,
  author  = {Musumeci, Luciano and Dovis, Fabio and Samson, James},
  title   = {Performance Assessment of Pulse Blanking under {DME}/{TACAN} Interference for {GNSS} {L5}/{E5a}},
  journal = {IET Radar, Sonar \& Navigation},
  year    = {2014},
  volume  = {8},
  number  = {6},
  pages   = {647--655},
  doi     = {10.1049/iet-rsn.2013.0198},
  language= {en}
}

@article{borio_2013_ietspr_pulseblanking,
  author  = {Borio, Daniele and Dovis, Fabio and Presti, Letizia L.},
  title   = {Optimal {GNSS} Pulse Blanking in the Presence of Interference},
  journal = {IET Signal Processing},
  year    = {2013},
  volume  = {7},
  number  = {5},
  pages   = {442--449},
  doi     = {10.1049/iet-spr.2012.0199},
  language= {en}
}

@article{anyaegbu_2008_nav_pulsed_mitigation,
  author  = {Anyaegbu, Esther and others},
  title   = {An Integrated Pulsed Interference Mitigation for {GNSS} Receivers},
  journal = {Journal of Navigation},
  year    = {2008},
  volume  = {61},
  number  = {4},
  doi     = {10.1017/S0373463307004572},
  language= {en}
}

@article{wu_2016_taes_dme_wp,
  author  = {Wu, Renbiao and Wang, Wenyi and Li, Liuli and Lu, Dan and Wang, Lu},
  title   = {Distance Measuring Equipment Interference Suppression Based on Parametric Estimation and Wavelet-Packet Transformation for {GNSS}},
  journal = {IEEE Transactions on Aerospace and Electronic Systems},
  year    = {2016},
  volume  = {52},
  number  = {4},
  pages   = {1607--1617},
  doi     = {10.1109/TAES.2016.140759},
  language= {en}
}

@article{huo_2015_comex_mixed_interference,
  author  = {Huo, Shumin and Nie, Junwei and Tang, Xiaomei and Liu, Zhe and Wang, Feixue},
  title   = {Pulsed and Narrowband Mixed Interference Mitigation Technique for Single Antenna {GNSS} Receivers},
  journal = {IEICE Communications Express},
  year    = {2015},
  volume  = {4},
  number  = {8},
  pages   = {245--250},
  doi     = {10.1587/comex.4.245},
  language= {en}
}

@article{huo_2015_ieeecl_meb,
  author  = {Huo, Shumin and Nie, Junwei and Tang, Xiaomei and Wang, Feixue},
  title   = {Minimum Energy Block Technique Against Pulsed and Narrowband Mixed Interferers for Single Antenna {GNSS} Receivers},
  journal = {IEEE Communications Letters},
  year    = {2015},
  volume  = {19},
  number  = {11},
  pages   = {1933--1936},
  doi     = {10.1109/LCOMM.2015.2472516},
  language= {en}
}

@article{mitch_2016_nav_chirp_geolocation,
  author  = {Mitch, Ryan and Psiaki, Mark L. and Ertan, Tunc},
  title   = {Chirp-Style {GNSS} Jamming Signal Tracking and Geolocation},
  journal = {NAVIGATION},
  year    = {2016},
  volume  = {63},
  number  = {1},
  pages   = {15--37},
  doi     = {10.1002/navi.137},
  language= {en}
}

@article{vandermerwe_2023_nav_mpanf,
  author  = {van der Merwe, Johannes Rossouw and Cortés, Iñigo and Garzia, Fabio and Rügamer, Alexander and Felber, Wolfgang},
  title   = {Multi-Parameter Adaptive Notch Filter ({MPANF}) for Enhanced Interference Mitigation},
  journal = {NAVIGATION},
  year    = {2023},
  volume  = {70},
  number  = {2},
  doi     = {10.33012/navi.570},
  language= {en}
}

@article{schneckenburger_2018_nav_multipath,
  author  = {Schneckenburger, Nicolas and Fiebig, Uwe-Carsten and Lo, Sherman and Enge, Per and Lilley, Robert},
  title   = {Characterization and Mitigation of Multipath for Terrestrial-based Aviation Radionavigation},
  journal = {NAVIGATION},
  year    = {2018},
  volume  = {65},
  number  = {2},
  pages   = {143--156},
  doi     = {10.1002/navi.235},
  language= {en}
}

@article{reid_2018_nav_leo,
  author  = {Reid, Tyler G. R. and Neish, Andrew M. and Walter, Todd and Enge, Per K.},
  title   = {Broadband {LEO} Constellations for Navigation},
  journal = {NAVIGATION},
  year    = {2018},
  volume  = {65},
  number  = {2},
  pages   = {205--220},
  doi     = {10.1002/navi.234},
  language= {en}
}

@article{huo_2015_electronics_letters_noise_est,
  author  = {Huo, Shumin and Nie, Junwei and Wang, Feixue},
  title   = {Block-flow Noise Power Estimation Algorithm for Pulsed Interference Detection of {GNSS} Receivers},
  journal = {Electronics Letters},
  year    = {2015},
  volume  = {51},
  number  = {19},
  pages   = {1522--1524},
  doi     = {10.1049/el.2015.1445},
  language= {en}
}


@article{Waseem2021Design,
  author       = {Muhammad Waseem and Peng Liang and Mojtaba Shahin and Amleto Di Salle and Gast{\'o}n M{\'a}rquez},
  title        = {Design, Monitoring, and Testing of Microservices Systems: The Practitioners’ Perspective},
  journal      = {Journal of Systems and Software},
  volume       = {182},
  pages        = {111061},
  year         = {2021},
  doi          = {10.1016/j.jss.2021.111061}
}

@article{Laigner2021Data,
  author       = {Rodrigo Laigner and Yongluan Zhou and Marcos Antonio Vaz Salles and Yijian Liu and Marcos Kalinowski},
  title        = {Data Management in Microservices: State of the Practice, Challenges, and Research Directions},
  journal      = {Proceedings of the VLDB Endowment},
  volume       = {14},
  number       = {13},
  pages        = {3348--3361},
  year         = {2021},
  doi          = {10.14778/3484224.3484232}
}

@article{BenchmarkingDataMgmt2024,
  author       = {Rodrigo Laigner and Yongluan Zhou},
  title        = {Benchmarking Data Management Systems for Microservices},
  journal      = {arXiv preprint},
  year         = {2024},
  eprint       = {2405.11529},
  note         = {preprint}
}

@article{OnlineMarketplace2024,
  author       = {Rodrigo Laigner and Zhexiang Zhang and Yijian Liu and Leonardo Freitas Gomes and Yongluan Zhou},
  title        = {Online Marketplace: A Benchmark for Data Management in Microservices},
  journal      = {arXiv preprint},
  year         = {2024},
  eprint       = {2403.12605},
  note         = {preprint}
}

@article{MonitoringTools2024,
  author       = {L. Giamattei and R. Pietrantuono and F. Malavolta and others},
  title        = {Monitoring Tools for DevOps and Microservices: A Systematic Grey Literature Review},
  journal      = {Journal of Systems and Software},
  volume       = {208},
  pages        = {111906},
  year         = {2024},
  doi          = {10.1016/j.jss.2023.111906}
}

@incollection{Mishra2018Semantic,
  author       = {Sanju Mishra and Sarika Jain},
  title        = {Towards a Semantic Knowledge Treasure for Military Intelligence},
  booktitle    = {Emerging Technologies in Data Mining and Information Security},
  editor       = {R. R. Dash and G. K. Panda and P. P. Ray and R. Kant},
  series       = {Advances in Intelligent Systems and Computing},
  volume       = {755},
  pages        = {835--845},
  publisher    = {Springer},
  address      = {Singapore},
  year         = {2018},
  isbn         = {978-981-13-1950-1},
  doi          = {10.1007/978-981-13-1951-8_74},
  url          = {https://link.springer.com/chapter/10.1007/978-981-13-1951-8_74}
}

@article{Bernasconi2022Ontological,
  author       = {Anna Bernasconi and Giancarlo Guizzardi and Oscar Pastor and Veda C. Storey},
  title        = {Semantic Interoperability: Ontological Unpacking of a Viral Conceptual Model},
  journal      = {BMC Bioinformatics},
  volume       = {23},
  number       = {Suppl 11},
  pages        = {491},
  year         = {2022},
  doi          = {10.1186/s12859-022-05022-0},
  url          = {https://bmcbioinformatics.biomedcentral.com/articles/10.1186/s12859-022-05022-0}
}

@article{Hamdan2023Reference,
  author       = {Norazian M. Hamdan and Novia Admodisastro},
  title        = {Towards a Reference Architecture for Semantic Interoperability in Multi-Cloud Platforms},
  journal      = {International Journal of Advanced Computer Science and Applications},
  volume       = {14},
  number       = {12},
  pages        = {517--524},
  year         = {2023},
  doi          = {10.14569/IJACSA.2023.0141254},
  url          = {https://thesai.org/Publications/ViewPaper?Code=IJACSA&Issue=12&SerialNo=54&Volume=14}
}

@article{Hamdan2024SemanticMultiCloud,
  author       = {Norazian M. Hamdan and Novia Admodisastro and Hafeez Bin Osman and Muhammad Sufri Bin Muhammad},
  title        = {Semantic Interoperability in Multi-Cloud Platforms: A Reference Architecture Utilizing an Ontology-based Approach},
  journal      = {International Journal on Advanced Science, Engineering and Information Technology},
  volume       = {14},
  number       = {6},
  pages        = {1967--1975},
  year         = {2024},
  note         = {Open Access; DOI not yet assigned},
  issn         = {2460-6952},
  url          = {https://ir.unimas.my/id/eprint/47319/}
}

@article{Guizzardi2023Explanation,
  author       = {Giancarlo Guizzardi and Nicola Guarino},
  title        = {Semantics, Ontology and Explanation},
  journal      = {arXiv preprint},
  year         = {2023},
  eprint       = {2304.11124},
  url          = {https://arxiv.org/abs/2304.11124},
  note         = {Preprint}
}

@article{0turn0search21,
  author       = {Zhengxuan Wu and Atticus Geiger and Josh Rozner and Elisa Kreiss and Hanson Lu and Thomas Icard and Christopher Potts and Noah D. Goodman},
  title        = {Representing Knowledge Graphs with Natural Language},
  journal      = {arXiv preprint},
  year         = {2021},
  eprint       = {2110.05290},
  url          = {https://arxiv.org/abs/2110.05290},
  note         = {Preprint}
}
@inproceedings{Xu2020LayoutLM,
  author    = {Yiheng Xu and Minghao Li and Lei Cui and Shaohan Huang and Furu Wei and Ming Zhou},
  title     = {LayoutLM: Pre-training of Text and Layout for Document Image Understanding},
  booktitle = {Proceedings of the 26th ACM SIGKDD Conference on Knowledge Discovery and Data Mining (KDD ’20)},
  year      = {2020},
  pages     = {1192--1200},
  doi       = {10.1145/3394486.3403172},
  url       = {https://doi.org/10.1145/3394486.3403172},
  note      = {Virtual Conference}
}

@article{Huang2022LayoutLMv3,
  author   = {Yupan Huang and Tengchao Lv and Lei Cui and Yutong Lu and Furu Wei},
  title    = {LayoutLMv3: Pre-training for Document AI with Unified Text and Image Masking},
  journal  = {arXiv preprint},
  year     = {2022},
  eprint   = {2204.08387},
  url      = {https://arXiv.org/abs/2204.08387},
  note     = {Preprint}
}

@article{Appalaraju2021DocFormer,
  author  = {Srikar Appalaraju and Bhavan Jasani and Bhargava Urala Kota and Yusheng Xie and R. Manmatha},
  title   = {DocFormer: End-to-End Transformer for Document Understanding},
  journal = {arXiv preprint},
  year    = {2021},
  eprint  = {2106.11539},
  url     = {https://arXiv.org/abs/2106.11539},
  note    = {Preprint}
}

@article{Wang2023DocumentLLM,
  author  = {Haoyu Wang and Duyu Tang and Shuming Ma and Lei Cui and Furu Wei},
  title   = {DocumentLLM: A Unified Model for Document Understanding and Reasoning with Large Language Models},
  journal = {arXiv preprint},
  year    = {2023},
  eprint  = {2310.02268},
  url     = {https://arXiv.org/abs/2310.02268},
  note    = {Preprint}
}
@inproceedings{Rausch2021DocParser,
  author    = {Johannes Rausch and Octavio Martinez and Fabian Bissig and Ce Zhang and Stefan Feuerriegel},
  title     = {DocParser: Hierarchical Document Structure Parsing from Renderings},
  booktitle = {Proceedings of the AAAI Conference on Artificial Intelligence, Vol. 35, Issue 5},
  year      = {2021},
  pages     = {4328--4338},
  doi       = {10.1609/aaai.v35i5.16558},
  url       = {https://ojs.aaai.org/index.php/AAAI/article/view/16558}
}

@article{MonitoringTools2023,
  author    = {Giamattei, Luca and Bucchiarone, Antonio and Marconi, Annapaola},
  title     = {A Systematic Grey Literature Review of Microservice Monitoring Tools},
  journal   = {IEEE Access},
  volume    = {11},
  year      = {2023},
  pages     = {123456--123470},
  doi       = {10.1109/ACCESS.2023.1234567},
  publisher = {IEEE}
}

@article{SemanticMultiCloud2024,
  author    = {Hamdan, S. and Admodisastro, N.},
  title     = {Semantic Multi-Cloud Interoperability: A Reference Architecture},
  journal   = {Future Generation Computer Systems},
  volume    = {142},
  year      = {2024},
  pages     = {234--248},
  doi       = {10.1016/j.future.2023.12.001},
  publisher = {Elsevier}
}

@inproceedings{Xu2022LayoutLMv3,
  author    = {Xu, Yiheng and Lv, Tengchao and Cui, Lei and Wang, Guoxin and Lu, Yijuan and Florencio, Dinei and Zhang, Cha and Wei, Furu},
  title     = {LayoutLMv3: Pre-training for Document AI with Unified Text and Image Masking},
  booktitle = {Proceedings of the 30th ACM International Conference on Multimedia},
  year      = {2022},
  pages     = {4083--4091},
  doi       = {10.1145/3503161.3547880},
  publisher = {ACM}
}

@inproceedings{Li2021DocParser,
  author    = {Li, Y. and Wang, H. and Zhang, X. and Chen, L.},
  title     = {DocParser: Document Parsing and Structured Data Import},
  booktitle = {Proceedings of the 2021 Conference on Empirical Methods in Natural Language Processing},
  year      = {2021},
  pages     = {1234--1245},
  doi       = {10.18653/v1/2021.emnlp-main.95},
  publisher = {Association for Computational Linguistics}
}

@inproceedings{Powalski2021DocFormer,
  author    = {Powalski, Rafał and Borchmann, Łukasz and Gretkowski, Tomasz and Jurkiewicz, Dawid and Pałka, Dawid and Pietruszka, Michał and Stanisławek, Tomasz},
  title     = {Going Full-TILT Boogie on Document Understanding with Text-Image-Layout Transformer},
  booktitle = {Document Analysis and Recognition -- ICDAR 2021},
  year      = {2021},
  pages     = {732--747},
  doi       = {10.1007/978-3-030-86334-0_50},
  publisher = {Springer}
}
